@article{ahn2013eigenvalue,
  title={Eigenvalue ratio test for the number of factors},
  author={Ahn, Seung C and Horenstein, Alex R},
  journal={Econometrica},
  volume={81},
  number={3},
  pages={1203--1227},
  year={2013},
  publisher={Wiley Online Library}
}

@book{athreya2006measure,
  title={Measure theory and probability theory},
  author={Athreya, Krishna B and Lahiri, Soumendra N},
  year={2006},
  publisher={Springer Science \& Business Media}
}

@article{bai2003inferential,
  title={Inferential theory for factor models of large dimensions},
  author={Bai, Jushan},
  journal={Econometrica},
  volume={71},
  number={1},
  pages={135--171},
  year={2003},
  publisher={Wiley Online Library}
}

@article{bai2013principal,
  title={Principal components estimation and identification of static factors},
  author={Bai, Jushan and Ng, Serena},
  journal={Journal of Econometrics},
  volume={176},
  number={1},
  pages={18--29},
  year={2013},
  publisher={Elsevier}
}

@misc{chamberlain1982arbitrage,
  title={Arbitrage, factor structure, and mean-variance analysis on large asset markets},
  author={Chamberlain, Gary and Rothschild, Michael},
  year={1982},
  publisher={National Bureau of Economic Research Cambridge, Mass., USA}
}

@article{chen2007large,
  title={Large sample sieve estimation of semi-nonparametric models},
  author={Chen, Xiaohong},
  journal={Handbook of econometrics},
  volume={6},
  pages={5549--5632},
  year={2007},
  publisher={Elsevier}
}

@article{connor2007semiparametric,
  title={Semiparametric estimation of a characteristic-based factor model of common stock returns},
  author={Connor, Gregory and Linton, Oliver},
  journal={Journal of Empirical Finance},
  volume={14},
  number={5},
  pages={694--717},
  year={2007},
  publisher={Elsevier}
}

@article{connor2012efficient,
  title={Efficient semiparametric estimation of the Fama--French model and extensions},
  author={Connor, Gregory and Hagmann, Matthias and Linton, Oliver},
  journal={Econometrica},
  volume={80},
  number={2},
  pages={713--754},
  year={2012},
  publisher={Wiley Online Library}
}

@article{fan2016projected,
  title={Projected principal component analysis in factor models},
  author={Fan, Jianqing and Liao, Yuan and Wang, Weichen},
  journal={Annals of statistics},
  volume={44},
  number={1},
  pages={219},
  year={2016},
  publisher={NIH Public Access}
}

@article{hauser2009empirical,
  title={Empirical likelihood based inference for additive partial linear measurement error models},
  author={Hauser, Russ and Liang, Hua and Meeker, John D and Su, Haiyan and Thurston, Sally W},
  journal={Statistics and Its Interface},
  volume={2},
  number={1},
  pages={83--90},
  year={2009},
  publisher={International Press of Boston}
}

@article{huang2004polynomial,
  title={Polynomial spline estimation and inference for varying coefficient models with longitudinal data},
  author={Huang, Jianhua Z and Wu, Colin O and Zhou, Lan},
  journal={Statistica Sinica},
  pages={763--788},
  year={2004},
  publisher={JSTOR}
}

@article{jung2009pca,
  title={PCA consistency in high dimension, low sample size context},
  author={Jung, Sungkyu and Marron, J Stephen and others},
  journal={The Annals of Statistics},
  volume={37},
  number={6B},
  pages={4104--4130},
  year={2009},
  publisher={Institute of Mathematical Statistics}
}

@article{lam2012factor,
  title={Factor modeling for high-dimensional time series: inference for the number of factors},
  author={Lam, Clifford and Yao, Qiwei and others},
  journal={The Annals of Statistics},
  volume={40},
  number={2},
  pages={694--726},
  year={2012},
  publisher={Institute of Mathematical Statistics}
}


@article{lorentz1986approximation,
  title={Approximation of functions. Second edition.},
  author={Lorentz, G. G.},
  year={1986},
  journal={},
  volume={},
  number={},
  pages={},
  publisher={Chelsea Publishing Co., New York}
}

@article{robinson1988root,
  title={Root-N-consistent semiparametric regression},
  author={Robinson, Peter M},
  journal={Econometrica: Journal of the Econometric Society},
  pages={931--954},
  year={1988},
  publisher={JSTOR}
}

@article{shen2013consistency,
  title={Consistency of sparse PCA in high dimension, low sample size contexts},
  author={Shen, Dan and Shen, Haipeng and Marron, James Stephen},
  journal={Journal of Multivariate Analysis},
  volume={115},
  pages={317--333},
  year={2013},
  publisher={Elsevier}
}


@article{stock2002forecasting,
  title={Forecasting using principal components from a large number of predictors},
  author={Stock, James H and Watson, Mark W},
  journal={Journal of the American statistical association},
  volume={97},
  number={460},
  pages={1167--1179},
  year={2002},
  publisher={Taylor \& Francis}
}

@article{stone1985additive,
  title={Additive regression and other nonparametric models},
  author={Stone, Charles J},
  journal={The annals of Statistics},
  pages={689--705},
  year={1985},
  publisher={JSTOR}
}

@article{vershynin2010introduction,
  title={Introduction to the non-asymptotic analysis of random matrices},
  author={Vershynin, Roman},
  journal={arXiv preprint arXiv:1011.3027},
  year={2010}
}